3294 5468
259 560 313 617 fsto
671 574 875 616 canreaanur
892 574 968 618 notu

259 836 406 916 religiosi
422 836 658 897 intellexerunt
672 856 707 897 se
724 836 862 898 licenter
877 845 909 897 et
934 836 1060 918 absque
1080 845 1216 918 peccato
1235 837 1383 899 decimas

261 942 449 1024 praedictas
478 941 602 1004 imbere
631 963 730 1024 posse
759 944 890 1009 amodo.
916 951 1095 1025 postquam
1119 963 1198 1025 ego.
1228 944 1326 1024 cujus
1351 951 1384 1005 et

260 1049 398 1110 ecelesia
423 1057 456 1109 et
483 1048 642 1130 parocbia
668 1049 724 1109 illa
753 1058 814 1113 est.
841 1049 1076 1117 concederem:
1104 1049 1245 1131 ideoque
1269 1049 1384 1111 babitu

260 1155 412 1220 coneilio.
430 1157 592 1216 unitatem
608 1156 746 1236 spiritns
758 1158 792 1217 in
802 1155 936 1217 vinculo
947 1156 1039 1237 pacis
1049 1175 1186 1217 serrare
1195 1156 1381 1237 cupientes,

261 1261 386 1321 miebis
394 1262 619 1327 crediderunt.
633 1263 852 1343 adductisque
862 1262 1028 1343 religiosis
1038 1270 1070 1323 et
1081 1263 1211 1343 magnis
1223 1262 1383 1325 ecelesiae

262 1368 454 1448 personna
470 1368 554 1428 sicut
565 1389 584 1427 a
600 1388 651 1429 me
667 1369 874 1449 praedictum
885 1368 1005 1433 luerat,
1019 1369 1084 1448 ipsi
1095 1367 1219 1430 michil
1232 1378 1265 1430 et
1277 1388 1384 1429 sacer·

261 1473 333 1534 doti
347 1474 404 1554 qui
421 1493 549 1535 meeum
562 1484 711 1537 venerat.
725 1476 907 1556 l'asquerio
918 1473 1056 1541 scilicet,
1065 1494 1106 1536 ex
1121 1483 1217 1555 parte
1232 1495 1293 1536 sua
1307 1494 1384 1537 con·

263 1588 446 1641 cesserunt.
469 1580 630 1643 Similiter
650 1602 711 1663 ego
731 1590 763 1643 et
785 1582 977 1662 praedictus
996 1582 1199 1662 Pasquerius
1219 1579 1333 1643 abbati
1351 1590 1385 1643 et

262 1688 434 1748 monacbis
453 1689 487 1749 iu
506 1697 705 1770 perpetuum
726 1690 771 1750 ita
791 1689 972 1751 tenendum
991 1689 1228 1750 concessimus.
1250 1688 1384 1749 Dictum

262 1802 313 1855 est
340 1795 440 1855 etiam
469 1803 501 1856 et
525 1814 720 1856 concessum
744 1796 834 1877 quod
858 1796 892 1857 in
916 1794 1074 1876 parochia
1096 1796 1201 1856 sancti
1224 1794 1384 1857 Germani

264 1899 475 1963 traherentur·
499 1902 648 1962 decimae
681 1902 715 1963 in
749 1901 822 1963 loeo
854 1901 991 1966 idoneo.
1026 1921 1126 1983 quem
1162 1900 1315 1962 rnonaelri
1351 1909 1385 1962 et

262 2007 420 2068 sacerdos
439 2007 668 2089 providerent.
685 2017 718 2068 ct
740 2016 857 2089 postea
876 2008 1071 2089 acqualiter.
1088 2009 1160 2069 sive
1182 2008 1216 2068 in
1231 2006 1382 2089 get-bisi,

263 2115 383 2178 sivein
398 2134 543 2179 annona.
562 2115 650 2175 inter
664 2134 699 2175 se
714 2115 919 2179 dividerent:
941 2114 1000 2175 sed
1020 2133 1088 2175 uno
1107 2133 1196 2175 attilo
1216 2112 1382 2181 monachi.

263 2221 370 2282 altero
380 2220 537 2281 sacerdos
547 2222 707 2283 traheret.
719 2220 1018 2303 Superadjcctumt'
1029 2239 1163 2303 quoquc
1173 2220 1234 2282 luit
1243 2220 1346 2301 quod.
1355 2220 1384 2282 si

263 2328 416 2388 rnouacbi
431 2336 567 2409 possent
584 2328 616 2388 in
631 2329 803 2409 praedicta
821 2327 980 2410 parocbia
991 2327 1155 2388 decimam
1171 2327 1346 2408 acquirere
1355 2324 1383 2389 l’.

263 2434 292 2496 si
305 2455 364 2496 eos
374 2435 416 2496 ad
431 2433 493 2495 hoe
503 2443 673 2517 oporteret
687 2434 811 2516 aliquid
823 2434 1082 2500 dare.sacerdos
1096 2432 1213 2514 petiit
1228 2432 1386 2495 medieta-

263 2551 330 2603 tem
345 2540 490 2603 solveret
505 2549 539 2602 et
548 2541 761 2603 medietatem
771 2541 920 2602 decimae
931 2540 1084 2608 baberet:
1095 2540 1123 2601 si
1138 2538 1240 2600 nichil
1250 2550 1273 2583 ”¹
1287 2538 1387 2601 vellet

263 2668 403 2730 ponere.
428 2648 553 2709 nullam
577 2656 707 2729 partem
733 2647 779 2708 ibi
806 2646 960 2711 baberet:
986 2647 1150 2713 similiter.
1176 2647 1203 2706 si
1227 2646 1386 2707 sacerdos

263 2756 436 2838 acquirere
455 2763 568 2836 posset
589 2755 764 2819 decimam.
783 2763 818 2815 ut
842 2754 988 2816 medium
1012 2754 1195 2836 acquisitae
1218 2754 1267 2815 rei
1287 2752 1387 2814 babe-

263 2870 348 2929 rent.
366 2860 577 2923 medietatem
594 2861 713 2942 pretii¹¹
734 2861 931 2934 redderent;
951 2861 1049 2922 aliter
1063 2869 1193 2941 partem
1207 2879 1275 2921 uon
1290 2878 1386 2942 cape·

263 2977 348 3031 rent.
363 2968 429 3031 Res
439 2968 501 3029 ista
514 2968 658 3029 lactaest
669 2968 702 3028 in
713 2967 849 3029 abbatia
864 2968 937 3049 ipsa
952 2976 1030 3029 ante
1044 2966 1239 3033 armarium.
1251 2966 1386 3029 adstan-

263 3076 352 3136 tibus
366 3084 399 3136 et
413 3074 647 3156 praesentibus
666 3075 739 3155 ipso
755 3073 887 3139 abbate,
906 3075 1047 3155 lingone
1069 3072 1248 3153 llospitnli,
1265 3071 1386 3135 abbate

263 3182 469 3249 bonevallis.
500 3182 714 3243 llermumlo⁰
739 3182 867 3262 priore.
899 3182 1011 3262 priore
1039 3180 1139 3241 etiam
1167 3179 1384 3243 Dalmeriaei.

264 3291 423 3371 magistro
443 3289 616 3353 Tebaudo.
636 3288 816 3350 Guillelrno
840 3288 882 3349 dc
902 3287 1016 3349 Monte
1030 3287 1195 3349 Johannis
1215 3294 1248 3347 et
1272 3285 1387 3349 multis

262 3397 348 3457 aliis.
370 3395 499 3457 Deinde
519 3396 561 3457 acl
586 3395 685 3475 liujus
709 3396 797 3475 pacti
817 3394 1122 3459 confirmationem.
1146 3393 1236 3455 misit
1257 3412 1386 3455 mecum

263 3501 367 3564 ablms
388 3511 421 3563 et
441 3502 615 3563 consilinm
640 3502 713 3579 ejus
736 3501 952 3561 (luillebnum
976 3500 1018 3561 ile.
1042 3500 1155 3560 Monte
1173 3498 1339 3561 Jobannia
1354 3506 1387 3559 et

264 3609 409 3689 prinmm
433 3607 632 3668 llnlnieriaei
659 3608 794 3667 nuntios
814 3606 855 3666 ml
875 3607 1070 3687 episcopum
1094 3605 1385 3683 ,ludegaveusem

262 3716 319 3796 qni
345 3723 416 3775 erat
438 3715 472 3774 in
494 3714 601 3775 insula
623 3714 728 3773 saneti
749 3714 901 3777 Cosmae.
923 3712 980 3794 qui
1003 3711 1116 3772 auditu
1141 3712 1233 3793 pacis
1253 3720 1387 3773 nostrae

263 3822 452 3885 comoedia.
467 3820 539 3881 Deo
555 3822 680 3901 gratias
690 3840 803 3900 agetis.
818 3819 961 3881 libenter
971 3819 1134 3879 concessit
1144 3827 1177 3879 et
1188 3819 1388 3880 auctoritate

264 3930 314 3989 sui
331 3929 428 4007 sigilli
445 3937 569 3988 cartam
587 3934 797 4009 praesentem
812 3925 1054 3987 corroboravit.

294 4204 324 4275 s.
342 4203 416 4258 rrribi
434 4202 504 4257 ΗΚ.
522 4234 557 4242 -
570 4221 603 4273 g.
621 4200 770 4257 ‹·‹·‹·l··sin‹·
788 4200 940 4271 religiosis
955 4208 985 4255 et
1002 4199 1124 4271 tringnis
1146 4198 1289 4272 pet-mula
1307 4200 1337 4257 J.
1351 4224 1390 4241 -—

264 4292 294 4347 b.
315 4293 389 4347 mibi
412 4291 481 4347 llll.
505 4324 539 4332 -
562 4294 581 4345 i.
602 4292 702 4362 jarbis
722 4294 749 4345 J.
772 4320 807 4329 -
821 4290 849 4359 J'.
867 4290 967 4362 Super
981 4288 1118 4343 rubetam
1133 4290 1161 4345 Ι.
1179 4318 1211 4329 -
1230 4288 1262 4343 k.
1277 4286 1390 4363 adqui·

265 4400 330 4435 rere
350 4381 377 4435 J.
393 4410 428 4419 -
453 4382 471 4434 l.
495 4382 589 4453 precii
610 4380 637 4433 J.
661 4412 689 4420 -
712 4399 751 4433 en.
775 4379 847 4433 nibil
870 4377 940 4432 llll.
959 4410 990 4417 -
1007 4395 1036 4431 n.
1053 4376 1159 4450 precii.
1174 4377 1203 4431 J.
1227 4408 1257 4419 -
1273 4394 1301 4431 ο.
1319 4376 1389 4433 Bet·

265 4472 379 4526 tnontln
397 4469 466 4525 ΗΚ.
