3294 5468
922 603 1124 644 cantamus
1143 602 1218 643 NOIR

518 868 687 948 episcopio
707 866 939 927 Andecavensi
953 883 1014 946 per
1028 884 1202 925 assensum
1218 884 1328 926 meum
1343 865 1395 927 vel
1411 884 1645 927 successorum

518 994 667 1035 tricorum
689 973 891 1033 monasterio
913 991 973 1032 suo
995 971 1193 1052 aalquireree
1213 971 1371 1032 valebunt
1392 972 1539 1033 concedo
1560 972 1641 1039 illis.

518 1080 622 1143 saneti
634 1079 746 1141 albini
758 1079 912 1140 videlicet
923 1078 1106 1141 niouacliis.
1119 1098 1180 1159 ego
1194 1077 1367 1141 Eusebius.
1381 1078 1644 1141 Andecavorum

517 1189 623 1269 gratia
646 1186 706 1247 Dei
728 1186 920 1266 episcopus.
944 1195 976 1247 et
998 1185 1060 1246 lioc
1082 1184 1181 1265 hujus
1202 1185 1251 1245 rei
1272 1186 1433 1266 scriptum
1455 1192 1594 1247 auctam
1608 1194 1645 1247 ct

517 1294 678 1355 conlirmo
694 1295 727 1354 in
742 1293 888 1373 capitulo
903 1293 1061 1353 eeclesiae
1073 1294 1189 1353 matris
1200 1293 1502 1355 Amlecavensium.
1515 1294 1568 1353 cui
1579 1312 1644 1373 ego

518 1401 676 1482 patientia
699 1401 760 1461 Dei
773 1402 841 1480 jaan
858 1401 1064 1481 trigesimum
1081 1400 1277 1461 succedente
1293 1400 1500 1481 subsequens
1515 1418 1645 1462 annum

517 1507 631 1589 presul
652 1508 818 1588 presideo.
842 1507 1117 1587 presidentibust’
1138 1517 1169 1567 et
1185 1506 1400 1567 laudantibus
1413 1506 1644 1569 confratribus

516 1614 641 1675 nostris
664 1613 763 1693 liujus
786 1614 946 1675 ecclesiae
969 1614 1149 1677 canonicis.
1175 1614 1221 1674 ita
1245 1622 1356 1675 tamen
1379 1620 1414 1674 ut
1434 1613 1477 1675 de
1499 1614 1643 1677 cacteris

515 1739 601 1801 quae
622 1719 665 1781 ad
684 1720 739 1800 jus
761 1729 913 1782 nostrum
929 1722 1107 1801 pertinent,
1124 1720 1277 1782 videlieet
1293 1721 1486 1801 sacrilegiis.
1500 1721 1644 1802 justitiis

515 1824 789 1907 presbiterorum.
826 1846 888 1908 per
922 1846 1095 1889 assensum
1131 1837 1281 1888 nostrum
1316 1828 1479 1888 immissio
1506 1837 1558 1890 est
1586 1827 1642 1889 rel

515 1934 634 2014 ejectio
644 1941 696 1994 est
707 1944 734 2003 t,
747 1934 870 1995 nichil'·
884 1934 947 1995 sibi
958 1934 1057 2015 hujus
1066 1934 1275 1995 auctoritatis
1285 1934 1629 2015 occasioncusurpent

557 2038 789 2119 †llainardo⁸
807 2040 949 2107 decano.
972 2040 1136 2102 Gaulrido
1158 2042 1355 2101 tesaururio.
1381 2040 1545 2101 (iaulritlo
1567 2060 1643 2121 pre·

515 2154 661 2211 centone.
699 2145 864 2209 blarbodo
898 2147 1143 2213 archidiacono.
1183 2147 1343 2208 llus-ando
1371 2148 1501 2227 Corpus
1529 2166 1641 2217 suum,

518 2252 683 2314 Gaulrido
716 2252 864 2321 Martini.
896 2254 1127 2317 Attselicrio‘.
1158 2254 1289 2323 odone,
1324 2251 1489 2315 llerbcrto
1519 2253 1640 2324 Bonet,

516 2357 723 2425 Hildeberto.
754 2359 935 2441 Halegone.
967 2361 1088 2429 Lisoio‚
1120 2360 1283 2422 Gaulrido
1306 2370 1339 2421 et
1363 2360 1536 2429 Gelonae,
1562 2360 1644 2423 liliis

517 2464 671 2537 llardrei‚
695 2466 875 2533 Gautrido.
900 2468 968 2529 silio
985 2468 1127 2530 lluborti
1141 2468 1329 2531 monetarii.
1347 2466 1518 2537 alberico,
1534 2468 1645 2549 capel·

518 2570 595 2632 lano
610 2573 771 2655 episcopi.
787 2573 961 2647 Gauirid0‚
979 2574 1048 2636 filio
1063 2573 1238 2638 Girbaudi.

1060 2884 1099 2946 ll

1388 3008 1416 3057 F·
1433 3010 1465 3057 'to
1480 3014 1513 3059 τ’.

524 3128 608 3205 ¹⁰55·
633 3160 672 3172 -
694 3127 759 3189 (ὶιιὶ
779 3129 820 3187 alr
841 3130 905 3188 Cre
925 3126 1035 3185 dotare
1056 3124 1185 3205 l'eglise
1204 3122 1468 3186 Sciat-Melaine
1488 3123 1530 3185 de
1549 3123 1645 3187 Mire

558 3252 628 3293 arax
643 3233 772 3294 lttut'nes
789 3233 829 3294 de
845 3233 1001 3299 labbara
1016 3230 1237 3311 liniat-Serge
1253 3230 1437 3311 anlagen.

554 3368 591 3419 .l.
609 3367 751 3439 (triginal
766 3367 874 3439 perdu.
892 3397 923 3408 -
941 3366 975 3421 a.
993 3366 1088 3437 copa-
1104 3365 1145 3420 ‹lu
1161 3365 1327 3419 cartulaire
1341 3364 1468 3437 perdue.

559 3526 597 3581 11.
614 3528 637 3581 l·
652 3528 703 3583 332
718 3538 754 3587 τ’.
770 3528 858 3600 copie
873 3527 914 3583 du
930 3535 1021 3583 xvur‘
1037 3527 1144 3583 siecle.
1161 3525 1285 3598 d'apres
1300 3525 1335 3580 lt.

558 3660 656 3786 lagno.
675 3678 682 3715 ε
704 3660 761 3715 lis.
781 3662 835 3731 689
852 3663 974 3727 (ancien
988 3659 1067 3723 623).
1083 3677 1114 3731 p.
1131 3661 1192 3730 296.
1209 3690 1242 3701 -
1259 3659 1337 3714 Dom
1353 3658 1533 3717 lloussrau.
1549 3666 1571 3713 t.
1588 3658 1640 3719 lll.

518 3742 581 3802 tt‘·5
603 3752 626 3786 'n

581 3909 706 3972 bosca
731 3910 901 3971 Gemonias
923 3930 965 3971 nn
987 3910 1094 3971 (lnoro
1115 3928 1293 3970 necamus
1319 3928 1433 3970 sinen
1456 3908 1573 3971 Sanan

878 4036 1097 4077 baracensis
1124 4016 1273 4077 blaniaci.

562 4169 653 4229 later
674 4186 732 4225 eos
753 4187 837 4247 quos
857 4178 970 4227 sancta
991 4170 1155 4247 scriptura
1177 4167 1276 4225 llertit
1297 4167 1338 4227 ad
1363 4166 1641 4231 benefaciendum

523 4284 555 4334 rt
578 4296 662 4355 quos
686 4282 874 4335 commonet
896 4285 930 4335 ut
954 4276 1128 4335 tlwsauros
1155 4295 1232 4333 suos
1257 4274 1376 4335 saciant
1403 4275 1436 4335 in
1459 4274 1642 4338 celestibus

552 4530 581 4561 a.
612 4508 772 4581 aitquirerr
797 4509 836 4564 H.
864 4538 892 4548 -
917 4525 950 4577 p.
979 4508 1195 4578 praescntilms
1220 4510 1256 4564 11,
1282 4538 1306 4548 -
1329 4525 1348 4579 q
1380 4506 1572 4563 inanissione
1590 4508 1640 4565 rel

517 4596 667 4668 ejectione
686 4598 724 4651 Η.
745 4626 773 4638 -
796 4614 823 4653 r.
844 4594 919 4650 nihil
934 4598 971 4652 ΙΙ.
994 4626 1012 4635 -
1037 4612 1062 4651 s.
1079 4594 1245 4666 Rasnardo
1260 4598 1297 4650 11.
1316 4626 1343 4638 -
1363 4602 1386 4653 t.
1406 4596 1578 4653 Anacberio
1593 4598 1637 4657 ΙΙ.
