3294 5468
266 594 319 666 255
680 612 885 652 mereamus
904 606 980 652 ,totu

1014 723 1383 738 -ῳ

302 870 337 925 (ι’.
357 888 388 942 p.
409 870 471 935 2¹35,
492 871 616 943 d'apres
637 873 670 925 B.

300 986 398 1050 tsnro,
414 1004 420 1040 τ
438 985 495 1039 iis.
512 990 561 1056 tipr
579 987 701 1052 (ancien
717 988 779 1056 tiri.
796 995 817 1041 t.
835 987 887 1055 tt).
905 987 1051 1058 sr517v0.
1075 1019 1083 1028 ·
1113 985 1171 1041 ΜΒ.
1190 985 1391 1057 1025(ancien

262 1059 325 1128 895,
346 1066 368 1111 t.
390 1057 451 1123 tt').
473 1059 497 1112 t'0
516 1075 567 1129 epu
588 1071 624 1112 ιθ.

472 1218 523 1279 Da
544 1238 797 1280 rusurosrruns
822 1237 938 1280 suren
961 1217 1181 1280 iisncnonan

302 1370 515 1431 Posteroruni
554 1371 689 1430 utilitati
727 1370 958 1451 providentes.
999 1370 1171 1430 literarum
1208 1369 1390 1431 memoriae

262 1477 496 1538 commendare
526 1477 737 1537 decrevimus
765 1476 867 1558 quod.
894 1496 968 1536 cunr
994 1476 1150 1557 Uigerius
1172 1475 1390 1558 Andegariae

261 1585 439 1665 episcopus
463 1592 562 1653 esset,
580 1584 614 1644 in
630 1583 708 1643 villu
724 1603 809 1664 quac
824 1583 947 1643 dicitur
960 1584 1067 1643 sancti
1082 1582 1285 1649 Mareliolae.
1302 1602 1389 1665 quae

262 1690 303 1750 de
328 1710 409 1751 suae
433 1690 592 1752 ecclcsiae
618 1690 756 1770 proprio
776 1691 851 1769 jure
866 1699 928 1757 est,
944 1691 1109 1770 quaesivit
1125 1690 1168 1750 ab
1183 1689 1315 1761 Odone,
1331 1691 1389 1772 qui

263 1804 413 1876 tempore
438 1797 495 1857 itto
519 1797 731 1877 praepositus
755 1796 843 1856 illius
868 1804 977 1858 terrae
992 1806 1074 1861 erut.
1093 1805 1204 1857 utrum
1218 1796 1390 1877 praeposi·

264 1912 373 1964 turani
398 1903 490 1964 illam
505 1903 731 1965 haereditario
744 1903 818 1981 jure
835 1903 1037 1983 possideret,
1055 1923 1098 1965 an
1113 1922 1152 1964 ex
1168 1903 1344 1965 voluntate
1357 1910 1391 1965 et

264 2009 483 2090 dispositione
508 2009 762 2089 Andegarensis
786 2009 933 2089 episcopi
958 2029 1031 2069 caru
1056 2008 1205 2076 liaberet.
1222 2009 1269 2069 sic
1284 2007 1387 2089 quod,

264 2115 412 2196 quandiu
441 2117 618 2196 episeopus
647 2115 762 2179 vellet.
794 2115 1062 2195 praeposituram
1092 2116 1284 2195 praedictus
1311 2113 1390 2177 Odo

264 2221 413 2290 haberet,
439 2222 574 2304 quaudo
599 2242 679 2282 vcro
704 2222 791 2281 idern
811 2222 988 2302 episcopus
1003 2222 1116 2285 nollet.
1134 2241 1207 2282 euru
1223 2220 1390 2300 sibijuste

262 2327 447 2389 retraheret
472 2338 504 2388 ct
528 2330 580 2388 cui
606 2327 705 2389 vellet
722 2330 793 2388 siue
806 2329 896 2407 justa
911 2328 1077 2388 calumnia
1092 2327 1223 2389 Odonis
1237 2326 1319 2388 clare
1335 2325 1389 2389 vel

260 2434 494 2496 commendare
510 2443 634 2517 posset.
653 2434 782 2517 Deque
799 2455 845 2502 re,
863 2434 957 2514 prius
971 2454 1045 2494 euni
1062 2434 1139 2494 tiliis
1150 2434 1261 2494 suiset
1273 2433 1389 2495 anticio

186 2546 193 2559 ’
260 2541 489 2622 compluribus
510 2541 624 2602 habito
639 2541 779 2602 consilio
794 2561 888 2612 vero,
906 2542 952 2601 sic
967 2541 1119 2621 praefato
1134 2541 1293 2621 episcopo
1310 2539 1388 2603 Odo

260 2650 470 2730 praepositus
487 2649 669 2730 respoudit.
687 2649 891 2711 eontirntaus
905 2648 994 2729 quod
1011 2647 1280 2727 praeposituram
1295 2646 1388 2708 illam

260 2764 356 2834 puter
374 2775 455 2816 suus
466 2757 541 2835 jure
557 2754 781 2815 haereditario
796 2774 863 2815 uon
879 2753 1057 2821 habuerat,
1075 2774 1135 2814 nec
1151 2754 1221 2833 ipse
1237 2772 1312 2814 eam
1327 2772 1390 2835 per

261 2862 500 2923 haereditatem
524 2861 684 2928 hahebat.
710 2870 742 2921 ct
766 2862 951 2941 cuicunque
979 2860 1078 2921 vellet
1101 2861 1293 2941 episcopus.
1316 2858 1389 2923 siue

262 2969 427 3029 cuiunuriu
446 2969 527 3030 dare
549 2968 600 3028 rei
620 2967 855 3029 coturucuclure
876 2987 948 3027 euin
968 2976 1110 3048 poterat.
1137 2967 1206 3027 lioe
1231 2966 1389 3029 viderunt

262 3085 293 3134 ct
316 3075 492 3135 audieruut
518 3098 524 3134 :
550 3075 715 3154 ligerius.
741 3084 818 3135 tuuc
847 3074 1007 3153 temporis
1038 3073 1292 3153 .tncicgavensis
1319 3073 1389 3156 cpi·

263 3203 394 3262 scopus.
422 3182 617 3244 ltichurclus.
636 3182 890 3261 :trutcgurcusis
906 3180 1172 3243 archidiaconus.
1192 3179 1389 3260 liudulphus

262 3290 303 3347 dr
328 3289 435 3355 tunsi,
461 3290 578 3349 l'ctrus
600 3289 641 3348 dr
666 3287 924 3354 Mallolcbrurio,
943 3287 1018 3353 Bos.
1036 3287 1221 3367 capicerius
1235 3287 1277 3347 dc
1294 3286 1385 3357 Fuiu,

264 3395 470 3455 llaitucricus
491 3396 533 3455 dc
558 3396 731 3458 l‘risriaco.
757 3395 844 3460 tulo.
863 3403 940 3454 tuuc
956 3393 1177 3474 praepositus.
1194 3400 1227 3452 ct
1243 3393 1311 3453 duo
1327 3393 1386 3454 titii

259 3503 342 3581 rjus,
383 3501 551 3562 lluiirrtus
587 3511 618 3561 rt
656 3501 855 3567 Bernartius,
894 3510 925 3560 ct
963 3500 1148 3561 Riciiurdus
1177 3499 1323 3580 Crispini
1354 3508 1386 3561 et

259 3608 414 3669 Scudaut.
446 3608 650 3668 (iuillcrnius
679 3609 831 3676 (hudini,
862 3607 1072 3686 Quarterius‚
1105 3605 1313 3667 llairucricus
1342 3605 1383 3667 de

262 3713 399 3794 Ligulio.
417 3714 614 3775 (iuiilciruus
630 3716 670 3776 dc
688 3714 903 3775 Nonnunnia.

745 4004 897 4066 CLXXXI

1113 4109 1141 4159 F·
1159 4112 1202 4159 toi»
1220 4118 1257 4159 ν’.

264 4228 807 4306 11254128.-Ilnimeritidurd
826 4225 977 4307 rrlruuge
999 4246 1078 4287 arce
1101 4224 1246 4308 l’crc'que
1276 4225 1385 4309 (figet

302 4337 329 4395 ir
358 4338 483 4398 moult'u
506 4336 588 4418 quil
608 4336 786 4417 possederit
809 4336 828 4393 ri
855 4338 1047 4399 (Joutonce.
1073 4339 1189 4393 conire
1214 4351 1257 4393 tm
1284 4340 1383 4397 ‹1111oe

301 4444 440 4507 inuritis,
459 4444 545 4502 sitire
558 4463 637 4523 pres
654 4442 695 4499 dr
712 4440 841 4520 i'rglisr
857 4439 897 4499 dr
913 4436 1190 4515 Scrrrruturcoitrs.

297 4598 334 4647 .·t.
352 4595 494 4664 (trigiual
509 4595 616 4665 perdo.
635 4624 665 4634 -
683 4597 717 4648 Β.
734 4592 829 4664 Copie
844 4591 886 4648 du
901 4590 1066 4647 certulalrc
1080 4589 1207 4664 perdue.
