3294 5468
697 575 899 619 cantuum
917 574 992 616 notu

288 845 455 913 observari
484 840 690 924 sequacibus
708 838 752 898 ita
777 844 924 896 nostram
954 857 1014 896 suo
1043 836 1142 897 saciat
1170 836 1396 898 conservarc¹

287 952 430 1035 imperio.
456 949 616 1030 Quisquis
635 954 744 1005 autom
763 963 935 1003 successor
950 952 1064 1004 noster
1083 965 1123 1004 eo
1145 953 1260 1005 tenore
1280 944 1403 1025 etipsa

284 1058 379 1125 animi
403 1055 575 1115 voluntate
602 1054 663 1113 hoc
695 1050 978 1111 corroborationis
1002 1059 1237 1112 testamentum
1264 1071 1403 1115 manerc

281 1177 313 1229 et
330 1168 481 1225 constare
502 1161 547 1221 ita
567 1157 756 1240 permiserit
776 1166 812 1217 ut
831 1178 892 1218 nos
911 1158 1132 1238 postulamus,
1149 1159 1233 1218 sciat
1247 1178 1283 1219 se
1298 1160 1402 1239 purti-

279 1273 382 1352 cipcm
410 1267 599 1327 orationum
623 1264 871 1344 praedictarum
895 1284 968 1324 esse
993 1273 1027 1325 ct
1051 1265 1356 1325 remunerationem
1380 1286 1401 1325 a

279 1378 348 1438 Deo
361 1390 570 1433 communem
586 1369 791 1431 uobiscmu¹¹¹
815 1371 998 1451 percipere.
1029 1369 1064 1431 Si
1089 1371 1164 1451 quis
1188 1390 1281 1437 vero,
1307 1370 1400 1451 quocl

277 1479 462 1542 nullatenus
484 1476 558 1538 lieri
577 1476 758 1541 credimus.
776 1498 816 1537 cx
837 1476 1087 1537 successoribus
1101 1478 1226 1537 uostris
1241 1485 1309 1537 tam
1325 1496 1400 1557 pce·

275 1581 440 1645 versitatis
463 1582 628 1663 streilignae
652 1582 704 1641 vel
729 1582 940 1642 alienationis
961 1581 1044 1641 bein
1070 1581 1185 1645 luerit.
1207 1590 1244 1642 ut
1262 1593 1399 1643 nostrae

274 1687 477 1750 auctoritatis
491 1698 506 1729 ⁰
520 1688 779 1752 lirnuunentmu.
797 1710 815 1747 a
831 1688 928 1748 nobis
944 1687 1187 1749 rationabiliter
1201 1697 1233 1749 ct
1250 1688 1398 1769 legitime

275 1798 409 1861 luctum.
434 1792 609 1854 destruere
633 1815 670 1853 ae
691 1795 822 1874 penitus
842 1795 986 1855 evellere
1006 1796 1189 1859 curaverit.
1212 1796 1397 1858 seeundum

273 1908 469 1986 potestatem
485 1919 585 1981 quam
601 1921 620 1960 a
636 1900 708 1962 llco
724 1901 756 1961 in
773 1902 922 1981 principe
938 1900 1166 1981 apostolorum
1184 1901 1283 1962 Petro
1298 1901 1398 1963 nobis

272 2026 461 2071 concessam
482 2006 666 2069 credimus.
684 2008 757 2087 ipso
773 2007 919 2067 Domino
934 2008 963 2067 ci
978 2007 1109 2067 dicente
1127 2029 1133 2066 ι
1151 2007 1396 2090 Quodcumque

271 2114 426 2196 ligaveris
449 2132 551 2193 super
575 2122 698 2174 terram
722 2115 786 2173 erit
809 2115 948 2195 ligatum
972 2115 1006 2174 in
1025 2115 1155 2180 coebs'.
1173 2114 1397 2177 anathematis

270 2220 401 2284 viuculo
430 2219 551 2299 ligatus
579 2222 663 2282 iram
692 2221 930 2301 ‹nnmpotentis
959 2220 1020 2281 Dei
1049 2230 1082 2281 et
1110 2223 1215 2281 saricti
1241 2221 1394 2283 ,llam-icil

269 2327 501 2406 sociorumque
524 2328 597 2407 ejus
619 2328 780 2387 ollimsam
803 2328 951 2387 imumat
972 2335 1004 2386 et
1024 2337 1187 2408 perpetuo
1206 2348 1242 2388 se
1261 2328 1395 2390 noverit

267 2430 490 2494 insolubiliter
508 2453 581 2492 tuse
600 2433 795 2493 ‹laumatum
816 2433 1010 2512 aditumque
1031 2433 1123 2513 regni
1143 2434 1297 2494 coelestis
1317 2443 1393 2515 post

267 2538 379 2600 obitus
393 2538 444 2598 sui
459 2538 547 2599 client
563 2539 686 2599 obimle
702 2540 851 2599 clausum
872 2540 1009 2602 sentiat.
1031 2540 1096 2599 nisi
1111 2540 1176 2600 cito
1192 2562 1210 2599 a
1227 2540 1392 2603 ciuilesola

265 2645 466 2728 cogitatione
489 2655 522 2707 et
545 2648 740 2726 operatione
764 2647 940 2706 recesserit
963 2654 997 2706 et
1019 2656 1153 2706 nostrae
1173 2647 1338 2708 voluntati
1358 2656 1391 2709 et

263 2752 454 2813 auctoritati
478 2754 588 2813 seicius
611 2762 644 2814 et
668 2753 802 2833 adjutor
821 2761 1105 2832 ‹·‹msci·satou1ue.
1126 2754 1338 2814 tirmissimus
1356 2754 1391 2817 in

263 2858 433 2919 saeculum
452 2879 551 2919 nume
571 2860 804 2940 permanserit.
823 2860 867 2921 [t
882 2868 992 2920 autcru
1008 2859 1090 2920 baec
1103 2860 1391 2922 corroborationis

261 2972 296 3024 et
312 2966 479 3026 lirmitatis
494 2969 734 3027 aiictoritasea
751 2965 849 3027 nobis
863 2966 984 3026 devote
999 2974 1032 3026 ct
1046 2965 1292 3027 rationabiliter
1303 2965 1390 3029 lacta

261 3072 430 3135 ereilalur.
449 3074 594 3154 propriis
610 3072 764 3133 inermibus
779 3092 852 3131 eam
864 3071 1205 3137 sublertiiumwimus:
1218 3082 1251 3133 et
1261 3074 1389 3137 archie-

261 3177 389 3259 piscopi
405 3189 436 3237 et
451 3190 466 3233 ¹1
482 3181 757 3260 ei»episcoporum
772 3189 964 3240 nostrorum
980 3188 1013 3239 et
1028 3180 1240 3240 siicenlotum
1256 3182 1390 3242 eanoni-

261 3306 376 3345 eornm
397 3286 561 3366 siuiulqnc
581 3287 741 3347 nobilium
758 3287 917 3346 laicorum
934 3287 1087 3346 utimibus
1103 3287 1271 3349 rolmrata.
1291 3290 1386 3348 lirina

260 3400 291 3450 ct
308 3392 437 3452 stabilis
454 3394 647 3453 imoimalsc
662 3395 751 3453 (utini
769 3403 918 3473 tempore
934 3393 1042 3453 valeat
1058 3414 1267 3473 pertimuere.

302 3498 510 3571 (Cariniana)
533 3499 600 3579 ligo
622 3499 727 3561 llaiuo
747 3500 831 3561 banc
847 3501 997 3561 chartam
1013 3521 1031 3561 a
1048 3521 1100 3561 mc
1116 3501 1235 3562 factam
1253 3502 1385 3562 lirmavi

261 3613 290 3662 el
310 3606 492 3685 subscripsi
507 3620 531 3665 Γ.

297 3864 316 3916 l.
339 3865 446 3917 ulmeri
455 3865 500 3917 ari
520 3864 618 3935 ciliae
632 3871 660 3917 el
676 3864 831 3934 complace
843 3881 905 3935 pur
918 3882 1104 3919 «inservare
1119 3864 1196 3917 dum
1214 3864 1263 3921 Ji.-
1278 3865 1384 3919 obser·

261 3952 325 4005 tari
348 3952 381 4005 X.
406 3984 423 3992 —
453 3972 492 4005 m.
511 3970 629 4007 nna-tun
647 3953 682 4007 N.
700 3986 729 3993 -
748 3970 777 4006 n.
794 3954 872 4005 unm
885 3970 946 4025 par
962 3952 1032 4006 .l!.l'.
1053 3984 1076 3992 -
1097 3974 1124 4004 o.
1143 3953 1321 4008 tritiorilalis
1336 3952 1381 4015 Μ.

260 4043 455 4094 authoritatis
476 4041 510 4095 λ’.
533 4074 562 4081 -
583 4061 613 4112 p.
635 4043 786 4096 atuoritas
808 4040 854 4103 ll,
877 4043 1050 4096 aiuboritas
1071 4041 1106 4095 λ’.
1131 4074 1137 4081 -
1180 4060 1210 4114 q.
1231 4042 1383 4115 archiepi-

259 4148 354 4199 scopo
373 4150 409 4183 ai·
433 4129 454 4183 Ι.
476 4161 509 4172 -
529 4149 555 4183 r.
579 4134 619 4185 (Ie
639 4139 700 4185 lim!
720 4138 765 4184 esi
781 4135 959 4201 representa
971 4148 1033 4203 pai·
1047 4148 1107 4185 mie
1122 4137 1191 4185 little
1206 4132 1382 4187 it'mltt'cwte’

259 4219 335 4269 a‘unx
357 4219 416 4275 iil:
437 4221 459 4273 il
477 4229 521 4273 est
542 4224 633 4280 irritis,
654 4222 736 4275 iiiiisi
755 4238 814 4292 que
828 4228 873 4277 et.
889 4220 966 4273 ilitns
984 4219 1026 4273 ll.
