3294 5468
260 600 313 656 'inu
674 616 877 655 (taurinatum
895 615 969 654 nont

258 876 396 956 capituli
423 882 559 936 nostrae
593 874 772 935 ecclesiam·
807 874 1080 955 Andagavensis,
1116 872 1245 934 decano
1280 872 1386 954 ipsius

261 984 399 1043 absente
423 991 455 1042 et
480 990 598 1062 agente
622 981 753 1042 notorie
782 982 815 1040 in
838 981 992 1045 remotis,
1018 987 1163 1040 tractatu
1191 998 1296 1060 super
1323 977 1385 1040 hoc

261 1089 376 1149 habito
404 1089 573 1168 diligenti,
610 1096 773 1167 perpetuo
807 1087 1041 1168 conjungimus
1077 1094 1111 1146 et
1147 1086 1303 1149 unimus:
1340 1086 1386 1146 ita

260 1196 350 1277 quod
360 1207 378 1237 Χ
392 1215 432 1255 ex
448 1215 536 1255 nunc
552 1194 722 1275 praedicta
739 1193 902 1255 beneficia
917 1214 979 1275 pro
995 1213 1061 1254 uuo
1075 1200 1273 1274 reputentur
1287 1191 1385 1253 bene·

262 1304 337 1363 tirio
353 1301 474 1362 anmdo
489 1302 524 1361 in
540 1300 701 1368 futurum,
726 1309 758 1360 rt
779 1300 869 1380 quod
892 1320 953 1381 per
974 1298 1210 1359 scolasticum!
1231 1298 1386 1379 Andaga·

260 1428 408 1471 vensem,
421 1407 463 1467 ab
474 1406 710 1487 Andagavrnsi
727 1406 884 1485 episcopo
895 1425 956 1486 pro
966 1413 1118 1486 tempore
1128 1404 1384 1471 instituendum.

260 1524 407 1597 regatur,
434 1514 529 1575 salvo
552 1523 664 1575 tamen
685 1515 760 1593 jure
784 1521 900 1574 nostro
924 1520 957 1572 ot
978 1510 1226 1593 quorumlibet¹
1246 1510 1386 1572 aliorum

261 1633 329 1684 tam
345 1621 557 1702 superiorum
568 1640 668 1702 quarn
683 1619 880 1681 inferiorum
889 1627 1091 1687 nostrorum,
1104 1626 1137 1678 et
1147 1617 1286 1699 proviso
1296 1616 1386 1698 quod

261 1739 417 1791 neutrum
428 1727 666 1788 benetie-iorum
677 1726 927 1807 praedictorum
935 1744 996 1806 per
1005 1725 1089 1785 huc‘¹
1103 1725 1174 1785 suis
1184 1723 1308 1785 debitis
1318 1723 1388 1785 offi-

261 1835 322 1894 ciis
336 1833 590 1897 defraudentur,
608 1839 793 1892 statuentes
804 1840 837 1891 et
847 1830 1043 1891 ordinantes
1058 1830 1148 1912 quod
1162 1829 1388 1892 scolasticus*

262 1943 318 2022 qui
343 1941 406 2000 erit
437 1938 558 1999 futuris
582 1937 801 2017 ternporibus.
828 1946 968 2018 arrepto
992 1938 1188 1999 scolastico*⁴
1210 1936 1385 2003 moderno.

261 2066 361 2128 quem
376 2066 416 2107 ex
433 2065 533 2106 causa
549 2044 591 2105 ab
607 2045 695 2105 infra
715 2046 860 2124 scriptis,
882 2045 1044 2126 quamdiu
1062 2046 1126 2105 erit
1148 2045 1345 2107 scolasticus
1358 2042 1385 2115 ⁴,

263 2154 452 2214 relevamus
467 2161 498 2213 et
514 2150 630 2212 haberi
647 2151 802 2211 volumus
823 2171 927 2232 super
947 2152 1030 2212 hoe‘
1050 2152 1194 2213 liberum
1215 2160 1248 2213 et
1269 2151 1387 2212 immu-

262 2280 353 2323 netn.
386 2260 449 2320 nisi
477 2279 516 2319 ex
547 2258 727 2318 devotione
749 2258 854 2337 ipsius
876 2258 918 2319 ad
941 2257 1022 2318 hoc‘
1044 2278 1080 2319 se
1104 2258 1240 2319 duxerit
1267 2258 1387 2319 astrin-

261 2364 450 2445 gendums,
463 2372 538 2423 octo
554 2363 745 2443 capellanos
755 2363 797 2424 do
810 2384 899 2425 novo
914 2365 1085 2425 institutos
1095 2364 1387 2426 seuinstituendos

263 2471 412 2552 nuliique
441 2470 497 2530 alii
520 2470 674 2550 dignitati
699 2471 898 2551 assignatos,
922 2470 1041 2531 diebus
1062 2471 1244 2552 praedietis
1265 2470 1388 2552 quibus

262 2579 319 2638 aiii
339 2578 518 2658 dignitates
534 2578 567 2638 in
583 2577 700 2637 tetidem
720 2576 858 2638 ecclesia
883 2576 1073 2638 obtinentes
1095 2578 1157 2639 hoe
1179 2578 1290 2639 facere
1310 2598 1388 2639 cou-

261 2692 456 2751 sueverunt,
474 2683 515 2743 ad
532 2683 710 2763 prandium
726 2691 759 2743 et
774 2684 1013 2745 comestionem
1028 2684 1205 2746 admittere
1219 2692 1385 2749 teneatur.

264 2791 345 2851 dum
361 2798 473 2851 tamen
493 2789 574 2850 dicti
595 2790 758 2869 capellani
781 2790 879 2851 dietis
898 2790 1017 2852 diebus
1031 2791 1065 2852 in
1081 2791 1199 2872 primia
1221 2792 1386 2872 vesperis,

264 2897 449 2969 uratutinis,
462 2898 563 2957 missa
579 2898 699 2975 majori
714 2896 804 2957 iilius
817 2896 884 2958 diei
899 2916 959 2958 seu
972 2896 1103 2958 dierum
1113 2916 1182 2978 quo
1197 2897 1250 2958 vei
1264 2896 1389 2979 quibus

263 3003 306 3063 ud
324 3003 508 3083 {iraemissa
529 3002 700 3063 debebunt
719 3002 861 3068 admitti.
885 3003 983 3064 dictis
1003 3004 1185 3065 intersintr
1203 3004 1387 3085 obsequiis,

266 3111 439 3191 psattlendo
455 3111 488 3169 iu
504 3109 607 3169 choro
622 3129 698 3170 curn
714 3108 788 3169 aliis
803 3110 997 3171 solemnitor
1016 3119 1049 3171 et
1068 3110 1208 3179 devote:
1230 3109 1315 3171 alias
1334 3108 1388 3171 itte

263 3218 319 3296 tini
336 3217 468 3277 deiiriet
483 3217 516 3276 in
532 3215 642 3296 aliqua
658 3215 817 3276 horarum
833 3217 1080 3296 praedictarum
1091 3218 1134 3278 ad
1148 3218 1387 3279 comestionem

265 3322 455 3383 nuliatenus
484 3323 698 3391 admittatur,
728 3323 808 3402 quia
834 3324 867 3383 in
891 3323 980 3383 dieta
1008 3324 1147 3385 eeclesia
1172 3325 1219 3385 sic
1247 3322 1388 3385 extitit*

264 3438 476 3498 carnuntum,
508 3438 606 3509 prout
636 3429 732 3489 uobis
760 3431 926 3490 constitit¹¹
949 3431 1133 3492 evidenter.
1160 3432 1199 3493 lu
1220 3431 1316 3512 cujus
1340 3430 1387 3493 mi

265 3537 491 3596 testimouium
508 3535 652 3615 sigillum
668 3545 831 3605 nostrum,
854 3556 920 3597 una
944 3557 1019 3598 cum
1041 3536 1151 3619 sigillo
1171 3538 1310 3618 capituli
1331 3558 1389 3599 uo·

266 3652 355 3702 atrae
384 3643 559 3703 ecciesiae]
587 3642 793 3723 praedictae,
824 3643 1058 3723 praesentibus
1088 3644 1208 3705 litteris
1231 3644 1389 3706 duximus

267 3749 515 3827 admoneruium.

307 3853 429 3914 Datum
444 3853 497 3913 die
514 3855 646 3914 veneris
661 3863 737 3936 post
753 3854 876 3916 festum
891 3855 980 3917 beati
996 3857 1144 3939 aegidii,
1166 3877 1233 3939 qua
1252 3857 1307 3919 die
1327 3878 1390 3921 uos

264 3960 449 4019 verwrabili
477 3969 510 4020 et
538 3961 683 4022 discreto
710 3963 784 4022 viro
810 3964 971 4044 magistro
1004 3962 1152 4026 noberta
1181 3964 1287 4033 Helie,
1320 3984 1390 4046 pro·

270 4093 511 4107 —

300 4191 324 4228 r.
342 4173 493 4229 ardenae
510 4183 634 4229 nomene
652 4178 689 4230 Κ.
709 4207 739 4217 -
760 4194 791 4231 x.
816 4177 921 4250 itaque
941 4180 976 4231 Κ.
1000 4207 1034 4219 -
1047 4194 1086 4249 y.
1109 4176 1332 4235 scholasticum
1352 4178 1389 4237 K.

269 4296 272 4301 -
320 4281 345 4315 z.
363 4281 431 4316 irre-n
456 4272 485 4317 rt
510 4265 716 4336 qtrurumdmn
742 4264 774 4319 1..
806 4297 832 4307 ·-
857 4283 887 4320 α.
912 4266 1065 4323 dictorum
1088 4268 1309 4324 beneficiorum
1333 4282 1391 4341 pto

266 4353 322 4405 iau·
342 4351 372 4404 1,.
388 4379 425 4389 -
440 4351 465 4404 b.
483 4352 688 4407 scholasticus
705 4353 742 4408 tt.
762 4386 790 4393 -
812 4372 837 4409 r.
854 4355 1043 4411 aclioluatico
1065 4355 1103 4411 Κ.
1126 4387 1156 4398 -
1176 4355 1207 4411 d.
1227 4354 1391 4413 scholati-

266 4457 320 4493 cuz·
350 4442 385 4493 Κ.
413 4473 439 4479 -
471 4460 496 4494 e.
525 4442 600 4496 trare
627 4444 664 4496 Ii.
693 4474 722 4482 -
739 4444 770 4514 s.
796 4443 1053 4515 :distringendum
1082 4447 1119 4501 K.
1146 4474 1182 4487 -
1207 4461 1243 4517 g.
1275 4444 1391 4501 divinit

268 4529 415 4582 tarvenna
436 4531 473 4583 Κ.
490 4560 524 4571 -
539 4529 568 4583 d.
586 4531 631 4584 aie
652 4531 781 4586 indicta
801 4533 932 4587 (winsia
948 4534 1052 4589 extitit
1073 4533 1106 4589 L.
1131 4564 1163 4576 -
1180 4534 1200 4587 i.
1222 4534 1329 4591 exunt
1348 4530 1388 4590 K.

270 4648 275 4653 -
308 4617 335 4684 j.
353 4618 501 4673 ecciesiae
517 4628 642 4674 unstrut·
660 4621 696 4674 Κ.
