3294 5468
259 588 311 646 272
674 573 876 628 eneratitae
894 574 969 626 nom

258 871 344 932 quae
358 851 481 911 dicitur
496 848 588 910 Bella
602 847 697 915 Noia,
714 847 901 907 concedens
915 854 947 908 et
960 845 1111 908 tribuens
1121 846 1281 908 ecclesiae
1291 845 1379 907 beuti

261 958 411 1020 llauricii
432 954 684 1037 ilndcgavensis
699 963 732 1014 et
747 954 844 1014 michi
860 954 894 1014 in
909 962 1107 1034 perpetuum
1122 953 1380 1035 presbiteratum

260 1066 348 1126 illius
368 1064 540 1131 eeclesiae,
558 1070 594 1122 ut
609 1069 697 1122 esset
712 1060 792 1121 milri
809 1060 914 1121 libera
929 1062 1078 1142 potentia
1091 1061 1239 1142 ponendi
1255 1059 1381 1142 presbi-

260 1181 368 1233 terum
383 1171 416 1231 in
432 1189 470 1231 ca
486 1176 518 1229 et
532 1166 682 1228 tollendi.
700 1167 776 1247 lpse
787 1166 886 1227 etiam
898 1166 1053 1228 Matheus
1063 1186 1103 1228 ex
1114 1175 1210 1248 parte
1220 1186 1281 1227 sua
1291 1165 1383 1228 dedit

261 1279 308 1340 illi
328 1277 486 1339 ccclesiae
501 1282 575 1334 octo
590 1274 788 1334 sextariatas
803 1281 912 1334 terrae
928 1282 961 1334 et
975 1274 1074 1334 michi
1090 1275 1226 1355 proprie
1240 1281 1384 1354 quatuor

262 1394 417 1466 arpenta;
440 1382 533 1443 dedit
551 1381 688 1460 insuper
702 1378 877 1440 dimidium
892 1379 1040 1440 decimae
1055 1379 1157 1440 totius
1170 1387 1282 1440 terrae
1296 1376 1385 1439 illius

262 1493 304 1553 de
323 1488 479 1551 omnibus
497 1487 539 1547 de
558 1485 681 1567 quibus
699 1485 827 1546 decima
846 1484 946 1547 debet
965 1485 1054 1555 dari,
1076 1494 1144 1547 tam
1163 1484 1205 1547 de
1223 1484 1386 1566 primiciis

263 1618 363 1680 (luam
387 1596 428 1657 de
452 1594 538 1663 aliis,
563 1592 751 1653 addensat
775 1601 938 1653 tractores
961 1601 995 1653 et
1017 1593 1260 1655 coadunatorcs
1284 1591 1387 1653 totius

264 1705 412 1766 decimae
434 1699 523 1760 illius
541 1699 669 1779 pariter
687 1706 755 1758 tam
773 1719 793 1760 a
813 1718 866 1760 me
884 1719 984 1780 qnam
1000 1698 1042 1759 ab
1057 1698 1115 1761 illo
1128 1698 1388 1780 providerentur

264 1819 297 1872 et
320 1815 525 1891 ponerentur
548 1814 581 1867 et
603 1806 730 1886 pariter
751 1805 899 1867 facerent
918 1805 1112 1868 fidelitatem
1131 1814 1200 1867 tam
1219 1805 1268 1866 illi
1285 1823 1387 1886 quarn

266 1916 380 1986 michi,
406 1922 439 1975 et
462 1921 532 1974 tota
556 1913 591 1973 in
614 1912 776 1973 cimiterio
797 1912 866 1992 jam
889 1911 980 1974 dicto
1002 1912 1259 1979 coadunaretur.
1285 1919 1319 1972 et
1342 1910 1389 1973 ibi

266 2023 392 2106 pariter
409 2021 498 2082 inter
512 2038 564 2080 me
574 2028 607 2080 et
617 2018 709 2080 illum
725 2027 793 2079 tam
803 2038 906 2101 grana
916 2038 1019 2100 quam
1029 2020 1125 2101 palea
1139 2018 1387 2085 dividerentur:

266 2131 359 2192 dedit
378 2129 515 2208 insuper
533 2135 565 2188 et
585 2126 747 2187 concessit
766 2133 801 2187 ut
821 2125 997 2187 dimidium
1016 2128 1119 2188 totius
1133 2126 1288 2188 cimiterii
1302 2132 1391 2186 esset

268 2256 378 2298 meum
392 2242 425 2296 et
440 2234 530 2295 aliud
545 2234 720 2295 dimidium
735 2242 823 2295 esset
834 2254 931 2294 suum
945 2256 951 2294 :
964 2235 1011 2295 sie
1022 2233 1177 2295 videlicet
1187 2242 1222 2294 ut
1232 2231 1392 2315 quiequid

267 2363 427 2406 censuum
455 2350 487 2403 et
513 2342 658 2402 vicariae
682 2349 715 2403 et
738 2341 883 2403 thelonei
907 2350 940 2402 et
964 2341 1053 2402 lurni
1084 2341 1139 2404 vel
1166 2340 1393 2421 quorumlibet

269 2451 460 2514 reddituum
475 2449 517 2511 de
532 2449 589 2510 illo
599 2449 762 2509 cimiterio
771 2458 804 2510 et
814 2448 856 2510 de
867 2448 1112 2510 habitatoribus
1122 2449 1194 2529 ejus
1204 2446 1392 2529 proveniet,

267 2561 422 2620 interme
437 2565 470 2618 et
484 2558 592 2638 ipsum
608 2556 793 2638 aequaliter
807 2557 1025 2625 divideretur,
1042 2553 1394 2637 praeterscpulturam

269 2675 301 2726 et
322 2666 349 2724 si
369 2684 435 2746 qua
455 2662 519 2724 alia
539 2671 616 2724 sunt
635 2661 868 2732 ecclesiastica,
885 2683 972 2745 quae
986 2664 1098 2724 omnia
1112 2662 1273 2724 ecclesiae
1288 2661 1396 2725 sancti

271 2770 423 2833 ‚llauricii
443 2778 477 2830 ct
491 2770 590 2830 miclii
605 2779 827 2830 concesserat.
845 2770 972 2831 Placuit
987 2771 1095 2831 eidem
1110 2778 1147 2831 ut
1161 2770 1196 2831 in
1210 2769 1262 2830 his
1277 2768 1396 2851 primis

270 2886 416 2959 ‹luatuoc
429 2876 526 2937 annis
541 2875 693 2937 homines
708 2876 748 2936 ad
766 2876 985 2938 habitandum
1001 2877 1035 2937 in
1050 2877 1214 2938 cimiterio
1224 2896 1287 2957 ego
1297 2885 1331 2937 et
1341 2873 1396 2937 ille

270 2985 491 3045 communiter
514 2982 759 3044 attraheremus
782 2992 815 3043 et
838 2985 886 3045 eis
910 2984 951 3044 ad
973 2984 1161 3044 laciendum
1181 2982 1299 3044 domos
1317 3001 1398 3044 suas

271 3091 431 3151 auxilium
446 3099 479 3151 et
493 3089 668 3151 consilium
684 3099 836 3151 nostrum
852 3089 1136 3171 impenderemus;
1153 3098 1229 3172 post
1242 3088 1304 3152 hos
1315 3109 1397 3151 vcro

272 3206 417 3279 ‹litatuor
431 3217 546 3259 annos.
565 3198 591 3256 si
609 3197 754 3277 placeret
769 3198 799 3257 ei
814 3197 867 3257 vcl
878 3198 904 3257 si
917 3197 1062 3279 placeret
1073 3195 1183 3263 michi.
1196 3196 1397 3258 cimiterium

274 3324 333 3384 pec
356 3304 503 3365 inedium
527 3302 745 3365 divideretur.
772 3312 805 3363 et
828 3312 1042 3384 cognosceret
1062 3305 1133 3384 ipse
1152 3311 1282 3385 partem
1302 3321 1399 3364 suoru

275 3411 456 3491 propriam.
475 3419 541 3471 tam
554 3419 662 3471 terrac
673 3409 762 3470 illius
773 3429 873 3491 quam
885 3410 1057 3472 hominum
1068 3411 1102 3471 iu
1112 3430 1151 3472 ea
1162 3408 1396 3475 habitantium.

243 3521 250 3534 ⁴
276 3525 306 3576 ct
328 3537 389 3597 ego
410 3516 562 3576 similitcc
582 3535 700 3575 meam.
724 3514 886 3576 llcdditus
906 3526 1017 3577 tamen
1037 3526 1115 3578 tunc
1135 3537 1269 3598 quoque
1287 3525 1401 3578 essent

275 3643 468 3683 coiumunes
483 3624 569 3682 sieut
584 3631 615 3682 et
633 3623 741 3683 incido.
760 3623 858 3683 Facta
874 3632 984 3685 autem
1000 3624 1061 3685 liae
1076 3625 1253 3691 divisione.
1268 3644 1329 3686 nec
1339 3644 1402 3704 ¹³8⁰

277 3750 452 3811 congerem
481 3750 576 3793 suos.
608 3750 667 3790 nec
697 3731 766 3810 ipse
796 3739 953 3811 congeret
981 3753 1074 3793 meos¹
1102 3730 1143 3793 ad
1169 3730 1311 3812 aliquid.
1338 3732 1403 3792 arisi

279 3837 459 3897 secundum
490 3838 670 3917 justiciarii.
708 3837 840 3899 Dictum
874 3839 975 3899 ctiam
1005 3840 1066 3901 t'uit
1094 3849 1130 3901 ut
1158 3840 1312 3901 homines
1340 3837 1406 3899 ttici

280 3943 439 4004 haberent
455 3944 594 4004 tetradem
613 3943 777 4004 licentiam
794 3966 893 4026 quam
909 3955 941 4007 et
957 3948 1008 4008 sui
1023 3947 1177 4008 homines
1191 3946 1233 4007 ad
1245 3944 1408 4007 utendum

279 4052 471 4111 ncrnorilius
495 4059 528 4110 ct
553 4053 648 4132 aquis
672 4061 703 4111 ct
724 4055 867 4132 pascuis.
892 4054 930 4114 lit
951 4056 977 4114 si
999 4054 1041 4114 ud
1063 4055 1250 4116 laciendum
1270 4053 1407 4115 furuum

281 4177 382 4219 unum
399 4159 450 4218 vel
467 4158 580 4239 plures
596 4158 688 4218 locus
705 4159 737 4218 iu
749 4169 913 4239 partesue
924 4181 1023 4241 quam
1036 4163 1070 4222 in
1081 4182 1153 4222 mea
1164 4160 1410 4241 competentior

281 4267 499 4332 inveniretur,
517 4265 727 4325 condiximus
743 4276 779 4326 ut
795 4267 985 4347 sumagium
1000 4288 1176 4330 commune
1190 4275 1289 4335 esset.
1302 4275 1410 4351 etesso

283 4373 314 4432 in
333 4382 426 4452 parte
443 4392 515 4432 rin-n
531 4372 560 4429 ei
578 4370 803 4450 persolverem
821 4384 945 4435 terram
961 4375 1002 4435 ad
1019 4395 1208 4436 mensuram
1221 4370 1412 4435 medietati!

283 4490 391 4539 terrm·
412 4480 514 4541 illius.
539 4480 571 4538 in
592 4499 656 4558 qua
678 4480 795 4539 furnus
816 4481 900 4541 situs
914 4492 1017 4551 essen
1035 4481 1187 4542 similiter
1201 4479 1413 4563 persolveret

284 4589 355 4666 ipse
371 4587 481 4650 michi,
500 4587 526 4644 si
543 4586 575 4644 in
592 4603 665 4644 inea
680 4589 923 4665 competentior
937 4588 1156 4650 inveniretur.
1171 4586 1242 4651 lloc
1252 4585 1414 4651 viderunt
